<record><leader>00000cas a22000007a 4500</leader><controlfield tag="001">11828921</controlfield><controlfield tag="008">850320d19061935ohuwr ne      0   a0eng d</controlfield><controlfield tag="009">3783</controlfield><datafield ind1=" " ind2=" " tag="010"><subfield code="a">sn 85038120 </subfield></datafield><datafield ind1=" " ind2=" " tag="040"><subfield code="a">NPY</subfield><subfield code="b">eng</subfield><subfield code="c">NPY</subfield><subfield code="d">ONP</subfield><subfield code="d">DLC</subfield><subfield code="d">OCLCF</subfield></datafield><datafield ind1=" " ind2=" " tag="012"><subfield code="l">a</subfield></datafield><datafield ind1="1" ind2=" " tag="022"><subfield code="a">2157-3352</subfield><subfield code="2">1</subfield></datafield><datafield ind1=" " ind2=" " tag="042"><subfield code="a">msc</subfield><subfield code="a">nsdp</subfield></datafield><datafield ind1=" " ind2=" " tag="043"><subfield code="a">n-us-oh</subfield></datafield><datafield ind1="0" ind2="0" tag="050"><subfield code="a">Newspaper</subfield></datafield><datafield ind1="0" ind2=" " tag="130"><subfield code="a">Democrat-sentinel (Logan, Ohio)</subfield></datafield><datafield ind1=" " ind2="4" tag="222"><subfield code="a">The Democrat-sentinel</subfield><subfield code="b">(Logan, Ohio)</subfield></datafield><datafield ind1="1" ind2="4" tag="245"><subfield code="a">The Democrat-sentinel.</subfield></datafield><datafield ind1="1" ind2=" " tag="246"><subfield code="a">Democrat sentinel</subfield></datafield><datafield ind1=" " ind2=" " tag="260"><subfield code="a">Logan, Ohio :</subfield><subfield code="b">Logan Print. and Pub. Co.,</subfield><subfield code="c">1906-1935.</subfield></datafield><datafield ind1=" " ind2=" " tag="300"><subfield code="a">v. :</subfield><subfield code="b">ill. ;</subfield><subfield code="c">55-60 cm.</subfield></datafield><datafield ind1=" " ind2=" " tag="310"><subfield code="a">Weekly</subfield></datafield><datafield ind1="0" ind2=" " tag="362"><subfield code="a">Mar. 22, 1906-May 30, 1935</subfield></datafield><datafield ind1=" " ind2=" " tag="500"><subfield code="a">Published on Thursday.</subfield></datafield><datafield ind1=" " ind2=" " tag="530"><subfield code="a">Archived issues are available in digital format as part of the Library of Congress Chronicling America online collection.</subfield></datafield><datafield ind1=" " ind2="0" tag="651"><subfield code="a">Logan (Ohio)</subfield><subfield code="v">Newspapers.</subfield></datafield><datafield ind1=" " ind2="7" tag="655"><subfield code="a">Newspapers.</subfield><subfield code="2">fast</subfield><subfield code="0">(OCoLC)fst01423814</subfield></datafield><datafield ind1=" " ind2="7" tag="651"><subfield code="a">Ohio</subfield><subfield code="z">Logan.</subfield><subfield code="2">fast</subfield><subfield code="0">(OCoLC)fst01227961</subfield></datafield><datafield ind1=" " ind2=" " tag="752"><subfield code="a">United States</subfield><subfield code="b">Ohio</subfield><subfield code="c">Hocking</subfield><subfield code="d">Logan.</subfield></datafield><datafield ind1="0" ind2="4" tag="780"><subfield code="t">Ohio Democrat (Logan, Ohio)</subfield><subfield code="x">2157-4863</subfield><subfield code="w">(DLC)sn 87075048</subfield><subfield code="w">(OCoLC)16637935</subfield></datafield><datafield ind1="0" ind2="4" tag="780"><subfield code="t">Hocking sentinel (Logan, Ohio : 1871)</subfield><subfield code="x">2157-3344</subfield><subfield code="w">(DLC)sn 85038119</subfield><subfield code="w">(OCoLC)11828903</subfield></datafield><datafield ind1="0" ind2="0" tag="785"><subfield code="t">Logan daily news and the Democratic-sentinel</subfield><subfield code="w">(DLC)sn 87075042</subfield><subfield code="w">(OCoLC)16637903</subfield></datafield><datafield ind1="4" ind2="1" tag="856"><subfield code="u">http://www.loc.gov/chroniclingamerica/lccn/sn85038120/issues</subfield></datafield></record>